@Misc{scilab-ref,
OPTkey = {},
author = {},
title = {scilab.org},
howpublished = {\url{https://www.scilab.org/about/scilab-open-source-software}},
OPTmonth = {},
year = {},
note = {Seen on 17 November 2023},
OPTannote = {}
}

@Misc{xcos-ref,
OPTkey = {},
author = {},
title = {scilab.org},
howpublished = {\url{https://www.scilab.org/software/xcos}},
OPTmonth = {},
year = {},
note = {Seen on 17 November 2023},
OPTannote = {}
}

@Misc{scilab-interop,
OPTkey = {},
author = {},
title = {scilab.org},
howpublished = {\url{http://www.scilab.org/scilab/interoperability}},
OPTmonth = {},
year = {},
note = {Seen on 28 June 2015},
OPTannote = {}
}

@Misc{oshw-ref,
OPTkey = {},
author = {},
title = {oshwa.org},
howpublished = {\url{http://www.oshwa.org/definition}},
OPTmonth = {},
year = {},
note = {Seen on 28 June 2015},
OPTannote = {}
}

@Misc{oshw-logo-ref,
OPTkey = {},
author = {Mateo Zlatar},
title = {Open source hardware logo},
howpublished = {\url{http://www.oshwa.org/open-source-hardware-logo}},
OPTmonth = {},
year = {},
note = {Seen on 28 June 2015},
OPTannote = {}
}

@Misc{uno-ref,
OPTkey = {},
author = {},
title = {Arduino {Uno}},
howpublished = {\url{https://www.arduino.cc/en/uploads/Main/ArduinoUnoFront240.jpg}},
OPTmonth = {},
year = {},
note = {Seen on 28 June 2015},
OPTannote = {}
}

@Misc{mega-ref,
OPTkey = {},
author = {},
title = {Arduino {Mega}},
howpublished = {\url{https://www.arduino.cc/en/uploads/Main/ArduinoMega2560_R3_Fronte.jpg}},
OPTmonth = {},
year = {},
note = {Seen on 28 June 2015},
OPTannote = {}
}

@Misc{lily-ref,
OPTkey = {},
author = {},
title = {LilyPod {Arduino}},
howpublished = {\url{https://www.arduino.cc/en/uploads/Main/LilyPad_5.jpg}}, 
OPTmonth = {},
year = {},
note = {Seen on 28 June 2015},
OPTannote = {}
}

@Misc{phone-ref,
OPTkey = {},
author = {},
title = {Arduino Phone},
howpublished = {\url{https://www.instructables.com/ArduinoPhone/}},
OPTmonth = {},
year = {},
note = {Seen on 28 June 2015},
OPTannote = {}
}

@Misc{candy-ref,
OPTkey = {},
author = {},
title = {Candy sorting machine},
howpublished = {\url{https://beta.ivc.no/wiki/index.php/Skittles_M&M's_Sorting_Machine}},
OPTmonth = {},
year = {},
note = {Seen on 28 June 2015},
OPTannote = {}
}

@Misc{3d-printer-ref,
OPTkey = {},
author = {},
title = {3D Printer},
howpublished = {\url{http://www.instructables.com/id/Arduino-Controlled-CNC-3D-Printer/}},
OPTmonth = {},
year = {},
note = {Seen on 28 June 2015},
OPTannote = {}
}

@Misc{shield-ref,
OPTkey = {},
author = {},
title = {Shield},
howpublished = {\url{http://codeshield.diyode.com/about/schematics/}},
OPTmonth = {},
year = {},
note = {Seen on 28 June 2015},
OPTannote = {}
}

@Misc{CNES-Scilab,
OPTkey = {},
author = {T. Martin},
title = {Use of {Scilab} for space mission analysis},
howpublished = {\url{https://www.scilab.org/community/scilabtec/2009/Use-of-Scilab-for-space-mission-analysis}},
OPTmonth = {},
year = {},
note = {Seen on 28 June 2015},
OPTannote = {}
}

@Misc{scilab-arduino,
OPTkey = {},
author = {B. Jofret},
title = {Scilab-{Arduino} {Toolbox}},
howpublished = {\url{http://atoms.scilab.org/}},
OPTmonth = {},
year = {},
note = {Seen on 28 June 2015},
OPTannote = {}
}

@Misc{python-ref,
OPTkey = {},
author = {},
title = {python.org},
howpublished = {\url{https://www.python.org/doc/essays/blurb/}},
OPTmonth = {},
year = {},
note = {Seen on 24 February 2021},
OPTannote = {}
}

@Misc{om-ref,
OPTkey = {},
author = {},
title = {{OpenModelica}},
howpublished = {\url{https://www.openmodelica.org/}},
OPTmonth = {},
year = {},
note = {Seen on 2 April 2021},
OPTannote = {}
}

@Misc{julia-ref,
OPTkey = {},
author = {},
title = {julialang.org/},
howpublished = {\url{https://julialang.org/}},
OPTmonth = {},
year = {},
note = {Seen on 12 April 2021},
OPTannote = {}
}

@Misc{julia-serial-ports,
OPTkey = {},
author = {},
title = {JuliaIO/SerialPorts.jl: SerialPort IO streams in Julia backed by pySerial},
howpublished = {\url{https://github.com/JuliaIO/SerialPorts.jl}},
OPTmonth = {},
year = {},
note = {Seen on 15 April 2021},
OPTannote = {}
}

@Misc{pySerial,
OPTkey = {},
author = {},
title = {pyserial - PyPi},
howpublished = {\url{https://pypi.org/project/pyserial/}},
OPTmonth = {},
year = {},
note = {Seen on 21 April 2021},
OPTannote = {}
}

@Misc{therm-wiki,
OPTkey = {},
author = {},
title = {Thermistor - Wikipedia},
howpublished = {\url{https://en.wikipedia.org/wiki/Thermistor}},
OPTmonth = {},
year = {},
note = {Seen on 2 May 2021},
OPTannote = {}
}

@Misc{arduino-pwm,
OPTkey = {},
author = {},
title = {Secrets of {Arduino} {PWM}},
howpublished = {\url{https://www.arduino.cc/en/Tutorial/SecretsOfArduinoPWM}},
OPTmonth = {},
year = {},
note = {Seen on 5 May 2021},
OPTannote = {}
}

@Misc{servo-lib,
OPTkey = {},
author = {},
title = {Servo},
howpublished = {\url{https://www.arduino.cc/reference/en/libraries/servo/}},
OPTmonth = {},
year = {},
note = {Seen on 6 May 2021},
OPTannote = {}
}


@Misc{modbus,
OPTkey = {},
author = {},
title = {{Modbus}},
howpublished = {\url{https://modbus.org/}},
OPTmonth = {},
year = {},
note = {Seen on 6 May 2021},
OPTannote = {}
}


@Misc{simplymodbus,
OPTkey = {},
author = {},
title = {Simply {Modbus}},
howpublished = {\url{https://simplymodbus.ca/}},
OPTmonth = {},
year = {},
note = {Seen on 6 May 2021},
OPTannote = {}
}

@INPROCEEDINGS{modbus-paper,  
author = {Shukla, Paavni and Singh, Sonal and Joshi, Tanmayee and Kumar, Sudhakar and Kelkar, Samrudha and Das, Manas R. and Moudgalya, Kannan M.},  
booktitle = {2017 6th International Conference on Computer Applications In Electrical Engineering-Recent Advances (CERA)},   
title = {Design and development of a {Modbus} automation system for industrial applications},   
year = {2017},  
volume = {},  
number = {},  
pages = {515-520},  
doi={10.1109/CERA.2017.8343383}
}

@Misc{online-crc,
OPTkey = {},
author = {},
title = {Online {CRC}},
howpublished = {\url{https://www.lammertbies.nl/comm/info/crc-calculation}},
year = {},
note = {Seen on 2 May 2021},
OPTannote = {}
}

@Misc{ieee-754-conv,
OPTkey = {},
author = {},
title = {Floating Point Converter},
howpublished = {\url{https://www.h-schmidt.net/FloatConverter/IEEE754.html}},
year = {},
note = {Seen on 6 May 2021},
OPTannote = {}
}


@Misc{amazon-shield,
OPTkey = {},
author = {},
title = {EcolightÂ® Sensor Shield V-1.2 Compatible with {Arduino} {Uno} R3},
howpublished = {\url{https://www.amazon.in/dp/B09G8BWDDD/}},
year = {},
note = {Seen on 8 Jan 2022},
OPTannote = {}
}

@Misc{flipkart-shield,
OPTkey = {},
author = {},
title = {Ecolight Sensor Shield V-1.2 Compatible with {Arduino} {Uno} Educational Electronic Hobby Kit},
howpublished = {https://www.flipkart.com/ecolight-sensor-shield-v-1-2-compatible-arduino-uno-educational-electronic-hobby-kit/p/itm73d12ca9ae129},
year = {},
note = {Seen on 8 Jan 2022},
OPTannote = {}
}



